<?xml version="1.0" encoding="UTF-8"?><record xmlns="http://www.loc.gov/MARC21/slim" xmlns:cinclude="http://apache.org/cocoon/include/1.0" xmlns:zs="http://www.loc.gov/zing/srw/">
  <leader>00448cz  a2200145n  4500</leader>
  <controlfield tag="001">n  78005516 </controlfield>
  <controlfield tag="003">DLC</controlfield>
  <controlfield tag="005">19900412092043.9</controlfield>
  <controlfield tag="008">780210n| acannaab|          |n aaa |||  </controlfield>
  <datafield tag="010" ind1=" " ind2=" ">
    <subfield code="a">n  78005516 </subfield>
  </datafield>
  <datafield tag="040" ind1=" " ind2=" ">
    <subfield code="a">DLC</subfield>
    <subfield code="c">DLC</subfield>
    <subfield code="d">DLC</subfield>
  </datafield>
  <datafield tag="100" ind1="1" ind2="0">
    <subfield code="a">Ginsborg, Paul</subfield>
  </datafield>
  <datafield tag="670" ind1=" " ind2=" ">
    <subfield code="a">His The politics ... 1974:</subfield>
    <subfield code="b">t.p. (Paul Ginsborg)</subfield>
  </datafield>
  <datafield tag="670" ind1=" " ind2=" ">
    <subfield code="a">Phone call from Cambridge Univ. Press, 04-11-90 (Ginsborg, Paul Anthony, b. 1945)</subfield>
  </datafield>
  <datafield tag="670" ind1=" " ind2=" ">
    <subfield code="a">GB 77-23918</subfield>
    <subfield code="b">(Ginsborg, Paul)</subfield>
  </datafield>
</record>